@article{hestenes1992modeling,
  title={Modeling games in the Newtonian world},
  author={Hestenes, David},
  journal={American Journal of Physics},
  volume={60},
  number={8},
  pages={732--748},
  year={1992},
  publisher={American Association of Physics Teachers}
}
