@article{bybee2006bscs,
  title={The BSCS 5E instructional model: Origins and effectiveness},
  author={Bybee, Rodger W and Taylor, Joseph A and Gardner, April and Van Scotter, Pamela and Powell, J Carlson and Westbrook, Anne and Landes, Nancy},
  journal={Colorado Springs, Co: BSCS},
  volume={5},
  pages={88--98},
  year={2006}
}
