@article{giliberti2014detecting,
  title={Detecting anharmonicity at a glance},
  author={Giliberti, M and Stellato, M and Barbieri, S and Cavinato, M and Rigon, E and Tamborini, M},
  journal={European Journal of Physics},
  volume={35},
  number={6},
  pages={065012},
  year={2014},
  publisher={IOP Publishing}
}
@article{bybee2009bscs,
  title={The BSCS 5E instructional model and 21st century skills},
  author={Bybee, Rodger W and others},
  journal={Colorado Springs, CO: BSCS},
  year={2009}
}
@article{barbieri2015good,
  title={“Good Vibrations”: A workshop on oscillations and normal modes},
  author={Barbieri, Sara R and Carpineti, Marina and Giliberti, Marco and Rigon, Enrico and Stellato, Marco and Tamborini, Marina},
  journal={l nuovo cimento C},
  volume={38},
  number={3},
  pages={1--10},
  year={2015},
  publisher={Societa italiana di fisica}
}
@article{duran20045e,
  title={The 5E Instructional Model: A Learning Cycle Approach for Inquiry-Based Science Teaching.},
  author={Duran, Lena Ballone and Duran, Emilio},
  journal={Science Education Review},
  volume={3},
  number={2},
  pages={49--58},
  year={2004},
  publisher={ERIC}
}
